<collection xmlns="http://www.loc.gov/MARC21/slim">
   <record>
      <leader>01393cam a2200301 i 4500</leader>
      <controlfield tag="001">6765249</controlfield>
      <controlfield tag="008">150105s2015    abc          s000 0 eng d</controlfield>
      <datafield ind1=" " ind2=" " tag="035">
         <subfield code="a">ocn899259675</subfield>
      </datafield>
      <datafield ind1=" " ind2=" " tag="040">
         <subfield code="a">AEE</subfield>
         <subfield code="b">eng</subfield>
         <subfield code="e">rda</subfield>
      </datafield>
      <datafield ind1=" " ind2="4" tag="055">
         <subfield code="a">JF1525.P7</subfield>
         <subfield code="b">A333 2015</subfield>
      </datafield>
      <datafield ind1=" " ind2=" " tag="090">
         <subfield code="a">JF 1525 P7 A333 2015</subfield>
         <subfield code="b">AEE</subfield>
      </datafield>
      <datafield ind1="2" ind2=" " tag="110">
         <subfield code="a">Service Alberta.</subfield>
         <subfield code="0">http://id.loc.gov/authorities/names/n2010012052</subfield>
         <subfield code="0">http://viaf.org/viaf/126783944</subfield>
      </datafield>
      <datafield ind1="1" ind2="0" tag="245">
         <subfield code="a">Fleet management :</subfield>
         <subfield code="b">operator - unit listing /</subfield>
         <subfield code="c">Service Alberta.</subfield>
      </datafield>
      <datafield ind1="3" ind2="0" tag="246">
         <subfield code="a">Operator - unit listing</subfield>
      </datafield>
      <datafield ind1="3" ind2="7" tag="246">
         <subfield code="a">Executive vehicle fleet</subfield>
      </datafield>
      <datafield ind1=" " ind2="1" tag="264">
         <subfield code="a">[Edmonton, Alberta] :</subfield>
         <subfield code="b">Service Alberta,</subfield>
         <subfield code="c">[2015].</subfield>
      </datafield>
      <datafield ind1=" " ind2=" " tag="300">
         <subfield code="a">4 pages ;</subfield>
         <subfield code="c">28 cm</subfield>
      </datafield>
      <datafield ind1=" " ind2=" " tag="336">
         <subfield code="a">text</subfield>
         <subfield code="b">txt</subfield>
         <subfield code="2">rdacontent</subfield>
         <subfield code="0">http://id.loc.gov/vocabulary/contentTypes/txt</subfield>
      </datafield>
      <datafield ind1=" " ind2=" " tag="337">
         <subfield code="a">unmediated</subfield>
         <subfield code="b">n</subfield>
         <subfield code="2">rdamedia</subfield>
         <subfield code="0">http://id.loc.gov/vocabulary/mediaTypes/n</subfield>
      </datafield>
      <datafield ind1=" " ind2=" " tag="338">
         <subfield code="a">volume</subfield>
         <subfield code="b">nc</subfield>
         <subfield code="2">rdacarrier</subfield>
         <subfield code="0">http://id.loc.gov/vocabulary/carriers/nc</subfield>
      </datafield>
      <datafield ind1=" " ind2=" " tag="500">
         <subfield code="a">"January 2, 2015"--caption.</subfield>
      </datafield>
      <datafield ind1=" " ind2=" " tag="596">
         <subfield code="a">2</subfield>
      </datafield>
      <datafield ind1=" " ind2="0" tag="650">
         <subfield code="a">Government vehicles</subfield>
         <subfield code="z">Alberta</subfield>
         <subfield code="x">Costs</subfield>
         <subfield code="v">Periodicals.</subfield>
      </datafield>
      <datafield ind1=" " ind2="0" tag="651">
         <subfield code="a">Alberta</subfield>
         <subfield code="x">Officials and employees</subfield>
         <subfield code="x">Transportation.</subfield>
      </datafield>
      <datafield ind1=" " ind2=" " tag="758">
         <subfield code="0">http://worldcat.org/entity/work/id/2909297293</subfield>
      </datafield>
      <datafield ind1="0" ind2=" " tag="787">
         <subfield code="n">OCLC Work Id</subfield>
         <subfield code="o">http://worldcat.org/entity/work/id/2909297293</subfield>
      </datafield>
      <datafield ind1=" " ind2=" " tag="926">
         <subfield code="a">JF 1525 P7 A333 2015</subfield>
         <subfield code="w">LC</subfield>
         <subfield code="c">1</subfield>
         <subfield code="i">0163310429770</subfield>
         <subfield code="l">ON_SHELF</subfield>
         <subfield code="m">AGL_CAP</subfield>
         <subfield code="r">Y</subfield>
         <subfield code="s">Y</subfield>
         <subfield code="t">BOOK</subfield>
         <subfield code="u">1/5/2015</subfield>
      </datafield>
      <datafield ind1=" " ind2=" " tag="926">
         <subfield code="a">JF 1525 P7 A333 2015</subfield>
         <subfield code="w">LC</subfield>
         <subfield code="c">2</subfield>
         <subfield code="i">0163310429788</subfield>
         <subfield code="l">ARCHIVES</subfield>
         <subfield code="m">AGL_CAP</subfield>
         <subfield code="r">Y</subfield>
         <subfield code="s">Y</subfield>
         <subfield code="t">NO_LOAN</subfield>
         <subfield code="u">1/5/2015</subfield>
      </datafield>
   </record>
</collection>
